@INPROCEEDINGS{Trudeau15, 
author={Trudeau, L. and Coulombe, S. and Desrosiers, C.}, 
booktitle={Image Processing (ICIP), 2015 IEEE International Conference on}, 
title={An adaptive search ordering for rate-constrained successive elimination algorithms}, 
year={2015}, 
month={Sept},}

@INPROCEEDINGS{Trudeau14, 
author={Trudeau, L. and Coulombe, S. and Desrosiers, C.}, 
booktitle={Image Processing (ICIP), 2014 IEEE International Conference on}, 
title={Rate distortion-based motion estimation search ordering for rate-constrained successive elimination algorithms}, 
year={2014}, 
pages={3175-3179}, 
month={Oct},}

@INPROCEEDINGS{Trudeau11, 
author={Trudeau, L. and Coulombe, S. and Pigeon, S.}, 
booktitle={Image Processing (ICIP), 2011 18th IEEE International Conference on}, 
title={Pixel domain referenceless visual degradation detection and error concealment for mobile video}, 
year={2011}, 
pages={2229-2232}, 
doi={10.1109/ICIP.2011.6116080}, 
ISSN={1522-4880}, 
month={Sept},}

@phdthesis{Trudeau2011,
author = {Trudeau, L.},
school = {École de technologie supérieure université du Québec},
title = {Detection and concealment of visual degradation resulting from erroneous H.264 sequences},
type = {Master's Thesis},
url = {http://espace.etsmtl.ca/896/1/TRUDEAU\_Luc.pdf},
year = {2011}
}